@article{shannon, 
	author={Shannon, Claude E.}, 
	journal={The Bell System Technical Journal}, 
	title={A mathematical theory of communication}, 
	year={1948}, 
	volume={27}, 
	number={3}, 
	pages={379-423}
}

@article{ramamoorthy1984software,
  title={Software engineering},
  author={Ramamoorthy, Chittoor V and Prakash, Atul and Tsai, Wei Tek and Usuda, Yutaka},
  journal={Computer},
  volume={17},
  number={10},
  pages={191--209},
  year={1984},
  publisher={IEEE Computer Society}
}

@article{hayes2008making,
  title={Making computer games and design thinking: A review of current software and strategies},
  author={Hayes, Elisabeth R and Games, Ivan Alex},
  journal={Games and Culture},
  volume={3},
  number={3-4},
  pages={309--332},
  year={2008},
  publisher={Sage Publications Sage CA: Los Angeles, CA}
}

@inproceedings{rankin2008user,
  title={User centered game design: evaluating massive multiplayer online role playing games for second language acquisition},
  author={Rankin, Yolanda A and McNeal, McKenzie and Shute, Marcus W and Gooch, Bruce},
  booktitle={Proceedings of the 2008 ACM SIGGRAPH symposium on Video games},
  pages={43--49},
  year={2008},
  organization={ACM}
}

@inproceedings{charles2005player,
  title={Player-centred game design: Player modelling and adaptive digital games},
  author={Charles, Darryl and Kerr, A and McNeill, M and McAlister, M and Black, M and Kcklich, J and Moore, A and Stringer, K},
  booktitle={Proceedings of the digital games research conference},
  volume={285},
  pages={00100},
  year={2005}
}

@inproceedings{torrente2009implementing,
  title={Implementing accessibility in educational videogames with< e-Adventure},
  author={Torrente, Javier and Del Blanco, {\'A}ngel and Moreno-Ger, Pablo and Mart{\'\i}nez-Ortiz, Iv{\'a}n and Fern{\'a}ndez-Manj{\'o}n, Baltasar},
  booktitle={Proceedings of the first ACM international workshop on Multimedia technologies for distance learning},
  pages={57--66},
  year={2009},
  organization={ACM}
}
